@ARTICLE{2001astro.ph..2340K,
   author = {{Keeton}, C.~R.},
    title = {{Computational Methods for Gravitational Lensing}},
  journal = {ArXiv Astrophysics e-prints},
   eprint = {arXiv:astro-ph/0102340},
 keywords = {Astrophysics},
     year = 2001,
    month = feb,
   adsurl = {http://adsabs.harvard.edu/abs/2001astro.ph..2340K},
  adsnote = {Provided by the SAO/NASA Astrophysics Data System},
  VOLUME  = {e-print},
}


@ARTICLE{2001astro.ph..2341K,
  author = {{Keeton}, C.~R.},
  title = {{A Catalog of Mass Models for Gravitational Lensing}},
  journal = {ArXiv: astro-ph/0102341},
  year = {2001},
  month = feb,
  eprint = {arXiv:astro-ph/0102341},
  adsnote = {Provided by the SAO/NASA Astrophysics Data System},
  adsurl = {http://adsabs.harvard.edu/abs/2001astro.ph..2341K},
  keywords = {Astrophysics}
}

@ARTICLE{2015MNRAS.447.2170K,
   author = {{K{\"u}ng}, R. and {Saha}, P. and {More}, A. and {Baeten}, E. and 
	{Coles}, J. and {Cornen}, C. and {Macmillan}, C. and {Marshall}, P. and 
	{More}, S. and {Odermatt}, J. and {Verma}, A. and {Wilcox}, J.~K.
	},
    title = "{Gravitational lens modelling in a citizen science context}",
  journal = {\mnras},
archivePrefix = "arXiv",
   eprint = {1502.00008},
 primaryClass = "astro-ph.IM",
 keywords = {gravitational lensing: strong, methods: numerical},
     year = 2015,
    month = mar,
   volume = 447,
    pages = {2170-2180},
      doi = {10.1093/mnras/stu2554},
   adsurl = {http://adsabs.harvard.edu/abs/2015MNRAS.447.2170K},
  adsnote = {Provided by the SAO/NASA Astrophysics Data System}
}

@ARTICLE{2016MNRAS.455.1171M,
   author = {{Marshall}, P.~J. and {Verma}, A. and {More}, A. and {Davis}, C.~P. and 
	{More}, S. and {Kapadia}, A. and {Parrish}, M. and {Snyder}, C. and 
	{Wilcox}, J. and {Baeten}, E. and {Macmillan}, C. and {Cornen}, C. and 
	{Baumer}, M. and {Simpson}, E. and {Lintott}, C.~J. and {Miller}, D. and 
	{Paget}, E. and {Simpson}, R. and {Smith}, A.~M. and {K{\"u}ng}, R. and 
	{Saha}, P. and {Collett}, T.~E.},
    title = "{SPACE WARPS - I. Crowdsourcing the discovery of gravitational lenses}",
  journal = {\mnras},
archivePrefix = "arXiv",
   eprint = {1504.06148},
 primaryClass = "astro-ph.IM",
 keywords = {gravitational lensing: strong, methods: statistical},
     year = 2016,
    month = jan,
   volume = 455,
    pages = {1171-1190},
      doi = {10.1093/mnras/stv2009},
   adsurl = {http://adsabs.harvard.edu/abs/2016MNRAS.455.1171M},
  adsnote = {Provided by the SAO/NASA Astrophysics Data System}
}

@ARTICLE{2016MNRAS.455.1191M,
   author = {{More}, A. and {Verma}, A. and {Marshall}, P.~J. and {More}, S. and 
	{Baeten}, E. and {Wilcox}, J. and {Macmillan}, C. and {Cornen}, C. and 
	{Kapadia}, A. and {Parrish}, M. and {Snyder}, C. and {Davis}, C.~P. and 
	{Gavazzi}, R. and {Lintott}, C.~J. and {Simpson}, R. and {Miller}, D. and 
	{Smith}, A.~M. and {Paget}, E. and {Saha}, P. and {K{\"u}ng}, R. and 
	{Collett}, T.~E.},
    title = "{SPACE WARPS- II. New gravitational lens candidates from the CFHTLS discovered through citizen science}",
  journal = {\mnras},
archivePrefix = "arXiv",
   eprint = {1504.05587},
 keywords = {gravitational lensing: strong, methods: statistical},
     year = 2016,
    month = jan,
   volume = 455,
    pages = {1191-1210},
      doi = {10.1093/mnras/stv1965},
   adsurl = {http://adsabs.harvard.edu/abs/2016MNRAS.455.1191M},
  adsnote = {Provided by the SAO/NASA Astrophysics Data System}
}

